@article{silveira2005discussoes,
  title={Discussões sobre Modelagem Matemática eo Ensino-Aprendizagem},
  author={Silveira, Jean Carlos and Ribas, Jo{\~a}o Luiz Domingues},
  volume={16},
  year={2005},
  journaltitle={http:/www. somatematica. com. br/artigos> Acesso em 12/11/2014}
}

@article{cardoso2010software,
  title={Software gratuitos de Geometria Din{\^a}mica},
  author={Cardoso, Maria Clara SA and Nogueira, Tiago C{\'e}sar Alves and Figueira-Sampaio, Aleandra S and dos Santos, Eliane Elias F and Carrijo, Gilberto Arantes},
  year={2010},
  journaltitle = {nao encontrado}
  
}

@inproceedings{tanbellini2010uso,
  title={O uso da Geometria Interativa como Facilitador no Ensino e Aprendizagem de Matem{\'a}tica: estudo com duas turmas de sexta s{\'e}rie do ensino fundamental},
  author={Tanbellini, Maria Jos{\'e} GS and Brand{\~a}o, Le{\^o}nidas O},
  booktitle={Anais do Workshop de Inform{\'a}tica na Escola},
  volume={1},
  number={1},
  pages={1245--1254},
  year={2010},
  editor= {nao encontrado}
}

@article{santosreprovaccao,
  title={REPROVA{\c{C}}{\~A}O E EVAS{\~A}O NO ENSINO M{\'E}DIO NA CIDADE DE RIBEIR{\'O}POLIS--SERGIPE},
  author={Santos, Gildean Pereira and Santos, Jo{\~a}o Rafael Lisboa and de Jesus, Robson Andrade and da Silva, Joilson Pereira},
  year = {0000},
  journaltitle = {nao encontrado}
}

@misc{santos2008ensino,
  title={O Ensino da Matem{\'a}tica com Significa{\c{c}}{\~a}o nos Anos Iniciais da Educa{\c{c}}{\~a}o B{\'a}sica},
  author={SANTOS, Sueli dos},
  year={2008},
  journaltitle = {nao encontrado},
}

@article{silva2005refletindo,
  title={Refletindo sobre as dificuldades de aprendizagem na Matem{\'a}tica: algumas considera{\c{c}}{\~o}es},
  author={Silva, JA},
  journaltitle={Artigo) Universidade Cat{\'o}lica de Bras{\'\i}lia--UCB. Bras{\'\i}lia--DF},
  year={2005}
}

@article{dosciatisoftwares,
  title={Softwares Livre Potenciais para o Ensino de Matem{\'a}tica},
  author={Dosciati, Andr{\'e} and Piva, Claudia and Dorneles, Lecir Dalabrida and Spilimbergo, A Patricia},
    year={000},
    journaltitle={nao encontrado}
    
}

















@article{nascimento2012avaliaccao,
  title={Avalia{\c{c}}{\~a}o do software GeoGebra como instrumento psicopedag{\'o}gico de ensino em geometria},
  author={NASCIMENTO, Eimard Gomes Antunes},
  year={2012},
  publisher={http://www. teses. ufc. br}
}

@article{souzaestudo,
  title={UM ESTUDO SOBRE O USO PEDAG{\'O}GICO DAS TECNOLOGIAS EM CURSOS DE LICENCIATURA EM MATEM{\'A}TICA},
  author={SOUZA, Jediane Teixeira de--SEE-SP}
}
